@article{Leniau.ANE.2015,
title = "A neural network approach for burn-up calculation and its application to the dynamic fuel cycle code {CLASS} ",
journal = "Annals of Nuclear Energy ",
volume = "81",
number = "",
pages = "125 - 133",
year = "2015",
note = "",
issn = "0306-4549",
doi = "http://dx.doi.org/10.1016/j.anucene.2015.03.035",
url = "http://www.sciencedirect.com/science/article/pii/S0306454915001693",
author = "B. Leniau and B. Mouginot and N. Thiolliere and X. Doligez and A. Bidaud and F. Courtin and M. Ernoult and S. David",
}

@article{Leniau.PHYSOR.2016,
title = "Generation of {SFR} physics models for the nuclear fuel cycle {CLASS}.",
journal = {submited at PHYSOR 2016},
author = "B. Leniau and F. Courtin and B. Mouginot and N. Thiolliere and X. Doligez and A. Bidaud",
year = "2016",
}


@article{CYCLUS,
title = "Cyclus v1.3.0",
journal = "figshare",
year = "July 2015",
doi = "http://dx.doi.org/10.6084/m9.figshare.1427429",
author = "R. Carlsen and R. Flanagan and M. Gidden and K. Huff and M. McGarry and A. Opotowsky and A. Scopatz and P. Wilson and J. Xia",
}


@article{CLASS,
title = "Core library for advanced scenario simulation, {C.L.A.S.S.}: principle \& application ",
journal = {PHYSOR 2014},
author = "B. Mouginot and B. Leniau and N. Thiolliere and M. Ernoult and S. David and X. Doligez and A. Bidaud and O. Meplan and R. Montesanto and G. Bellot and J.B. Clavel and I. Duhamel and E. Letang and and J. Miss.",
year = "2016",
}

@manual{CLASS_UserGuide,
title = "{CLASS} {U}ser {G}uide",
author = "B. Leniau and B. Mouginot",
address="\url{https://forge.in2p3.fr/attachments/download/10454/CLASS_4.1_UserGuide.pdf}",
year = "2015",
}
@article{brightlite,
title = "NEUP: Reactor Modules for Cyclus based on Bright-lite",
journal = "figshare",
year = "2015",
doi = "https://dx.doi.org/10.6084/m9.figshare.1291036.v1",
author = "E. Schneider and R. Flanagan and C. Bagdatlioglu",
}

Skutnik, Steve (2016): . figshare.
https://dx.doi.org/10.6084/m9.figshare.2365963.v1
Retrieved: 15 41, Feb 18, 2016 (GMT)


@article{cyborg,
title = "Development of an ORIGEN-based Reactor Analysis Module for Cyclus.",
journal = "figshare",
author = "S. Skutnik",
doi = "https://dx.doi.org/10.6084/m9.figshare.2365963.v1",
year = "2016",
}