@article{Leniau.ANE.2015,
title = "A neural network approach for burn-up calculation and its application to the dynamic fuel cycle code {CLASS} ",
journal = "Annals of Nuclear Energy ",
volume = "81",
number = "",
pages = "125 - 133",
year = "2015",
note = "",
issn = "0306-4549",
doi = "http://dx.doi.org/10.1016/j.anucene.2015.03.035",
url = "http://www.sciencedirect.com/science/article/pii/S0306454915001693",
author = "Baptiste Leniau and Baptiste Mouginot and Nicolas Thiolliere and Xavier Doligez and Adrien Bidaud and Fanny Courtin and Marc Ernoult and Sylvain David",
keywords = "Cross section predictor",
keywords = "PWR",
keywords = "MOX",
keywords = "Neural network",
keywords = "Nuclear scenario "
}

@article{Leniau.PHYSOR.2016,
title = "Generation of {SFR} physics models for the nuclear fuel cycle {CLASS}.",
journal = {submited at PHYSOR 2016},
author = "Baptiste Leniau and Fanny Courtin and Baptiste Mouginot and Nicolas Thiolliere and Xavier Doligez and Adrien Bidaud",
year = "2016",
}
